% This file was created with JabRef 2.9.2.
% Encoding: UTF8

@ARTICLE{test,
  author = {Matsutani, H. and Koibuchi, M. and Yamada, Y. and Hsu, D.F. and Amano,
	H.},
  title = {Fat H-Tree: A Cost-Efficient Tree-Based On-Chip Network},
  journal = {Parallel and Distributed Systems, IEEE Transactions on},
  year = {2009},
  volume = {20},
  pages = {1126-1141},
  number = {8},
  doi = {10.1109/TPDS.2008.233},
  issn = {1045-9219},
  keywords = {multiprocessor interconnection networks;network-on-chip;cell library;cost-efficient
	tree-based on-chip network;deadlock-free routing;fat H-tree;microarchitecture
	domain;network logic area;on-chip routers;process technology;tree
	networks;tree-based interconnection network;Interconnection networks;Network
	topology;On-chip interconnection networks;network topology;on-chip
	networks;routing algorithm.;tree}
}

@book{newman2021building,
  title={Building Microservices: Designing Fine-grained Systems},
  author={Newman, S.},
  isbn={9781492034025},
  lccn={2021276967},
  url={https://books.google.de/books?id=MTClswEACAAJ},
  year={2021},
  publisher={O'Reilly}
}

@Inbook{Dragoni2017,
author="Dragoni, Nicola
and Giallorenzo, Saverio
and Lafuente, Alberto Lluch
and Mazzara, Manuel
and Montesi, Fabrizio
and Mustafin, Ruslan
and Safina, Larisa",
editor="Mazzara, Manuel
and Meyer, Bertrand",
title="Microservices: Yesterday, Today, and Tomorrow",
bookTitle="Present and Ulterior Software Engineering",
year="2017",
publisher="Springer International Publishing",
address="Cham",
pages="195--216",
abstract="Microservices is an architectural style inspired by service-oriented computing that has recently started gaining popularity. Before presenting the current state of the art in the field, this chapter reviews the history of software architecture, the reasons that led to the diffusion of objects and services first, and microservices later. Finally, open problems and future challenges are introduced. This survey primarily addresses newcomers to the discipline, while offering an academic viewpoint on the topic. In addition, we investigate some practical issues and point out a few potential solutions.",
isbn="978-3-319-67425-4",
doi="10.1007/978-3-319-67425-4_12",
url="https://doi.org/10.1007/978-3-319-67425-4_12"
}



@online{1,
	author       = {o. V.},
	title        = {Principles of Security},
	year         = {2025},
	url          = {https://owasp.org},
	urldate      = {2025-01-11},
	note    = {OWASP Foundation}
}


@article{Basumallick2022,
	author = {Chiradeep BasuMallick},
	title = {{What Is a Single-Page Application? Architecture, Benefits, and Challenges}},
	journal = {Spiceworks Tech Articles},
	year = {2022},
	url = {https://www.spiceworks.com/tech/devops/articles/what-is-single-page-application/},
	note = {Accessed 11 Apr 2025}
}

@misc{VueReactivity2016,
	author = {{Vue.js Core Team}},
	title = {{Reactivity in Depth – Vue.js 2 Documentation}},
	year = {2016},
	url = {https://v2.vuejs.org/v2/guide/reactivity.html},
	note = {Accessed 11 Apr 2025}
}

@misc{TailwindCSS,
	title = {{Tailwind CSS – A utility-first CSS framework}},
	howpublished = {\url{https://tailwindcss.com}},
	note = {Accessed 11 Apr 2025}
}

@misc{ShadcnVue2023,
	title = {{shadcn-vue: Vue port of shadcn/ui}},
	howpublished = {\url{https://shadcn-vue.com}},
	year = {2023},
	note = {Accessed 08 Apr 2025}
}

@article{IxDF_UCD2025,
	author = {{Interaction Design Foundation}},
	title = {{What is User Centered Design (UCD)? – Definition and Phases}},
	year = {2025},
	url = {https://www.interaction-design.org/literature/topics/user-centered-design},
	note = {Accessed 07 Apr 2025}
}

@misc{Guimaraes2021,
	author = {Felipe Guimar\~{a}es},
	title = {{Nielsen's Heuristics: 10 Usability Principles to Improve UI Design}},
	howpublished = {Aela.io Blog},
	year = {2021},
	url = {https://www.aela.io/en/blog/all/10-usability-heuristics-ui-design},
	note = {Accessed 05 Apr 2025}
}

@misc{Bacancy2023,
	title = {{Top 21 Vue.js Best Practices \& Security Tips for 2025}},
	howpublished = {Bacancy Technology Blog},
	year = {2023},
	url = {https://www.bacancytechnology.com/blog/vue-js-best-practices},
	note = {Accessed 02 Apr 2025}
}

@misc{MaterialUIStepper,
	title = {{Steppers – Material-UI React Component}},
	howpublished = {\url{https://mui.com/material-ui/react-stepper/}},
	note = {Accessed 10 Apr 2025}
}

@article{Shamrei2023,
	author = {Yury Shamrei},
	title = {{IoT Data Visualization – Best Practices \& Examples}},
	journal = {SumatoSoft Blog},
	year = {2023},
	url = {https://sumatosoft.com/blog/whats-iot-data-visualization-best-practices-examples},
	note = {Accessed 11 Apr 2025}
}

@article{Giridhar2024,
	author = {Aditya Giridhar},
	title = {{UX for AI: The role of transparency}},
	journal = {Levity AI Blog},
	year = {2024},
	url = {https://levity.ai/blog/ux-for-ai},
	note = {Accessed 08 Apr 2025}
}

@article{Widerberg2022,
	author = {Amalie Widerberg},
	title = {{5 Things You Should Know About GDPR for Images}},
	journal = {FotoWare Blog},
	year = {2022},
	url = {https://www.fotoware.com/blog/5-things-you-should-know-about-gdpr-for-images},
	note = {Accessed 04 Apr 2025}
}

@misc{CiscoIoT2023,
	organization = {Cisco DevNet},
	title = {{View Sensors Details and Troubleshoot – Cisco IoT Operations Dashboard Docs}},
	year = {2023},
	url = {https://developer.cisco.com/docs/iotod/view-sensors-details-and-troubleshoot/},
	note = {Accessed 11 Apr 2025}
}

@misc{Auth0_RBAC,
	title = {{Role-Based Access Control (RBAC) in Auth0 Documentation}},
	howpublished = {\url{https://auth0.com/docs/manage-users/access-control/rbac}},
	note = {Accessed 09 Apr 2025}
}

@misc{VueMastery2023,
	author = {David Nwadiogbu},
	title = {{Refresh-Proof your Pinia Stores}},
	howpublished = {Vue Mastery Blog},
	year = {2023},
	url = {https://www.vuemastery.com/blog/refresh-proof-your-pinia-stores/},
	note = {Accessed 10 Apr 2025}
}

@article{Allotey2023,
	author = {Charles Allotey},
	title = {{Pinia vs Vuex – Why Pinia wins}},
	journal = {Vue.js Developers Newsletter},
	year = {2023},
	url = {https://vuejsdevelopers.com/2023/04/11/pinia-vs-vuex---why-pinia-wins/},
	note = {Accessed 10 Apr 2025}
}

@article{Giordano2024,
	author = {Simone Giordano},
	title = {{Ionic/Capacitor for Mobile App Development: Why You Should Consider Alternatives (Part 1)}},
	journal = {Medium (@simonegiordano)},
	year = {2024},
	url = {https://simonegiordano.medium.com/ionic-capacitor-for-mobile-app-development-why-you-should-consider-alternatives-part-1-131cfe2e4410},
	note = {Accessed 06 Apr 2025}
}

@article{Moksha2024,
	author = {Moksha Shah},
	title = {{Globalize Your Vue App: A Practical Guide to Vue 3 Internationalization}},
	journal = {Simform Engineering (Medium)},
	year = {2024},
	url = {https://medium.com/simform-engineering/globalize-your-vue-app-a-practical-guide-to-vue-3-internationalization-93f5c7da4494},
	note = {Accessed 08 Apr 2025}
}

@misc{NNG_UsabilityTesting,
	organization = {Nielsen Norman Group},
	title = {{Usability Testing 101}},
	year = {2014},
	url = {https://www.nngroup.com/articles/usability-testing-101/},
	note = {Accessed 05 Apr 2025}
}

@article{Mitchell2023,
	author = {Michael Mitchell},
	title = {{Testing Strategies for Frontend Development: Unit vs Integration vs E2E}},
	journal = {Medium (@michaelfrontend)},
	year = {2023},
	url = {https://medium.com/@michaelfrontend/testing-strategies-for-frontend-development-unit-vs-integration-vs-e2e-114d99170b10},
	note = {Accessed 10 Apr 2025}
}

@misc{BitBag2023,
	author = {Marcin Włodyka},
	title = {{E2E testing on Vue.js (with Cypress)}},
	howpublished = {BitBag Blog},
	year = {2023},
	url = {https://bitbag.io/blog/e2e-testing-on-vue-js},
	note = {Accessed 09 Apr 2025}
}

@Misc{Basumallick2022a,
  author = {Basumallick, S.},
  date   = {2022},
  title  = {SPA vs MPA: Which Architecture Should You Choose?},
  note   = {URL: \url{https://www.simform.com/blog/spa-vs-mpa/}},
}

@Misc{VCT2025,
  author = {{Vue.js Core Team}},
  date   = {2025},
  title  = {Vue Router - Guide},
  note   = {URL: \url{https://router.vuejs.org/}},
}

@Misc{BacancyTechnology2023,
  author = {{Bacancy Technology}},
  date   = {2023},
  title  = {Challenges of Single Page Applications},
  note   = {URL: \url{https://www.bacancytechnology.com/blog/single-page-application}},
}

@Misc{VueCoreTeam2016,
  author = {{Vue.js Core Team}},
  date   = {2016},
  title  = {Vue.js - The Progressive JavaScript Framework},
  note   = {URL: \url{https://vuejs.org/}},
}

@Misc{Allotey2023a,
  author = {Allotey, G.},
  date   = {2023},
  title  = {Vue.js vs React vs Angular: Which Should You Choose?},
  note   = {URL: \url{https://kinsta.com/blog/vue-vs-react-vs-angular/}},
}

@Misc{VueMastery2023a,
  author = {{Vue Mastery}},
  date   = {2023},
  title  = {State Management in Vue: Pinia vs Vuex},
  note   = {URL: \url{https://www.vuemastery.com/blog/pinia-vs-vuex/}},
}

@Misc{ReactDoc2025,
  author = {{Meta Open Source}},
  date   = {2025},
  title  = {React Documentation},
  note   = {URL: \url{https://reactjs.org/}},
}

@Misc{AngularDocs2025,
  author = {{Google}},
  date   = {2025},
  title  = {Angular Documentation},
  note   = {URL: \url{https://angular.io/docs}},
}

@Article{Charland2011,
  author       = {Charland, A. and Leroux, B.},
  date         = {2011},
  journaltitle = {Communications of the ACM},
  title        = {Mobile application development: web vs. native},
  doi          = {10.1145/1941487.1941504},
  number       = {5},
  pages        = {49--53},
  volume       = {54},
  publisher    = {ACM},
}

@InProceedings{Mahendra2021,
  author    = {Mahendra, Mohammad and Anggorojati, Bayu},
  booktitle = {Proceedings of the 6th International Conference on Communication and Information Processing},
  date      = {2021},
  title     = {Evaluating the performance of Android based Cross-Platform App Development Frameworks},
  doi       = {10.1145/3442555.3442561},
  isbn      = {9781450388092},
  location  = {Tokyo, Japan},
  pages     = {32–37},
  publisher = {Association for Computing Machinery},
  series    = {ICCIP '20},
  url       = {https://doi.org/10.1145/3442555.3442561},
  abstract  = {Mobile applications have become a necessity in people’s daily lives, and more are being developed at this time. To increase the efficiency in developing mobile apps, cross-platform mobile app development framework is needed. Currently there are various types of mobile app development frameworks with their respective approaches, be it native apps, mobile web apps, widget based, bridging with javascript, and others. However, user adoption and retention to a mobile app is highly influenced by good user experience, which can be quantified by application performance. In this research, a series of experiment are conducted to measure the performance of several Android based mobile app development frameworks based on five parameters, namely cpu usage, memory usage, response time, frame rate and app size. The results of this study show Native Android application that is used as the baseline gives the best performance and then followed by widget based cross-platform development framework, i.e. Flutter.},
  address   = {New York, NY, USA},
  keywords  = {Mobile application, cross platform, development framework, performance evaluation},
  numpages  = {6},
}

@Book{Myers2011,
  author    = {Myers, G. J. and Badgett, T. and Sandler, C.},
  date      = {2011},
  title     = {The Art of Software Testing},
  edition   = {3rd},
  isbn      = {978-1118031964},
  publisher = {Wiley},
}

	
@Book{Humble2010,
  author    = {Humble, J. and Farley, D.},
  date      = {2010},
  title     = {Continuous Delivery: Reliable Software Releases through Build, Test, and Deployment Automation},
  isbn      = {978-0321601919},
  publisher = {Addison-Wesley},
}

	
	
@Misc{VueTestUtils2024,
  author  = {{Vue.js Core Team}},
  date    = {2024},
  title   = {Vue Test Utils Documentation},
  note    = {\url{https://test-utils.vuejs.org/}},
  urldate = {2025-04-12},
}

	
@Misc{CapacitorDocs,
  author = {Ionic Team},
  date   = {2024},
  title  = {Capacitor Documentation},
  url    = {https://capacitorjs.com/docs},
}

@Article{Singh2021,
  author = {Singh, Mohit and Shobha, G.},
  date   = {2021-07},
  title  = {Comparative Analysis of Hybrid Mobile App Development Frameworks},
  doi    = {10.35940/ijsce.F3518.0710621},
}

@Misc{Vuex,
  date  = {2025-03-12},
  title = {Vuex},
  url   = {https://vuex.vuejs.org/},
}

@Misc{facebook_flux,
  author = {Facebook Inc.},
  date   = {2014},
  title  = {Flux: Application Architecture for Building User Interfaces},
  note   = {Zugegriffen: 13. April 2025},
  url    = {https://facebookarchive.github.io/flux/docs/in-depth-overview},
}

@Article{Flux,
  author       = {Tomer Ben David},
  date         = {2025-03-28},
  journaltitle = {Medium},
  title        = {Why Flux},
  url          = {https://medium.com/@Tom1212121/why-flux-2d25ab8a8063},
}

@Misc{RollupDocs2024,
  author  = {RollupJS Team},
  date    = {2024},
  title   = {Rollup Documentation},
  note    = {\url{https://rollupjs.org/}},
  urldate = {2025-04-13},
}

@Misc{ViteDocs2024,
  author  = {Vite Team},
  date    = {2024},
  title   = {Vite - Next Generation Frontend Tooling},
  note    = {\url{https://vitejs.dev/}},
  urldate = {2025-04-13},
}

@Misc{GoogleLighthouse2024,
  title = {Einführung in Lighthouse},
  url   = {https://developer.chrome.com/docs/lighthouse/overview},
}

@Misc{CypressDocs2024,
  author  = {Cypress Team},
  date    = {2024},
  title   = {Cypress Documentation},
  note    = {\url{https://docs.cypress.io/}},
  urldate = {2025-04-13},
}

@Misc{Team2024d,
  author  = {Vue.js Core Team},
  date    = {2024},
  title   = {Vue Test Utils Guide},
  note    = {\url{https://test-utils.vuejs.org/}},
  urldate = {2025-04-13},
}

@Misc{VueGuide2024,
  author  = {{Vue.js Core Team}},
  date    = {2024},
  title   = {Vue.js Guide},
  note    = {URL: \url{https://vuejs.org/guide/introduction.html}},
  url     = {https://vuejs.org/guide/introduction.html},
  urldate = {2025-04-14},
}

@Misc{Allotey2023b,
  author  = {Allotey, C.},
  date    = {2023},
  title   = {Pinia vs Vuex – Why Pinia wins},
  url     = {https://vuejsdevelopers.com/2023/04/11/pinia-vs-vuex---why-pinia-wins/},
  urldate = {2025-04-14},
}

@Misc{VueCompositionAPI2020,
  author  = {{Vue.js Core Team}},
  date    = {2020},
  title   = {Composition API: Introduction},
  url     = {https://vuejs.org/guide/reusability/composables.html},
  urldate = {2025-04-14},
}

@Misc{ScriptSetup,
  author = {Vue.js Core Team},
  date   = {2025-03-11},
  title  = {<script setup>},
  url    = {https://vuejs.org/api/sfc-script-setup.html},
}

@Misc{CompositionAPIFAQ,
  author = {Vue.js Core Team},
  date   = {2025-03-11},
  title  = {Composition API FAQ},
  url    = {https://vuejs.org/guide/extras/composition-api-faq.html},
}

@InProceedings{Affouard2017,
  author    = {Antoine Affouard and Herv{\'e} Go{\"e}au and Pierre Bonnet and Jean-Christophe Lombardo and Alexis Joly},
  booktitle = {International Conference on Learning Representations},
  date      = {2017},
  title     = {Pl@ntNet app in the era of deep learning},
  url       = {https://api.semanticscholar.org/CorpusID:52212860},
}

@Misc{He2015,
  author      = {Kaiming He and Xiangyu Zhang and Shaoqing Ren and Jian Sun},
  date        = {2015},
  title       = {Deep Residual Learning for Image Recognition},
  eprint      = {1512.03385},
  eprintclass = {cs.CV},
  eprinttype  = {arXiv},
  url         = {https://arxiv.org/abs/1512.03385},
}

@Article{Pan2010,
  author       = {Pan, Sinno Jialin and Yang, Qiang},
  date         = {2010},
  journaltitle = {IEEE Transactions on Knowledge and Data Engineering},
  title        = {A Survey on Transfer Learning},
  doi          = {10.1109/TKDE.2009.191},
  number       = {10},
  pages        = {1345-1359},
  volume       = {22},
  keywords     = {Machine learning;Training data;Data mining;Knowledge transfer;Space technology;Knowledge engineering;Machine learning algorithms;Labeling;Learning systems;Testing;Transfer learning;survey;machine learning;data mining.},
}

@Misc{Kornblith2019,
  author      = {Simon Kornblith and Jonathon Shlens and Quoc V. Le},
  date        = {2019},
  title       = {Do Better ImageNet Models Transfer Better?},
  eprint      = {1805.08974},
  eprintclass = {cs.CV},
  eprinttype  = {arXiv},
  url         = {https://arxiv.org/abs/1805.08974},
}

@Misc{Zhang2018,
  author      = {Hongyi Zhang and Moustapha Cisse and Yann N. Dauphin and David Lopez-Paz},
  date        = {2018},
  title       = {mixup: Beyond Empirical Risk Minimization},
  eprint      = {1710.09412},
  eprintclass = {cs.LG},
  eprinttype  = {arXiv},
  url         = {https://arxiv.org/abs/1710.09412},
}

@Misc{Yun2019,
  author      = {Sangdoo Yun and Dongyoon Han and Seong Joon Oh and Sanghyuk Chun and Junsuk Choe and Youngjoon Yoo},
  date        = {2019},
  title       = {CutMix: Regularization Strategy to Train Strong Classifiers with Localizable Features},
  eprint      = {1905.04899},
  eprintclass = {cs.CV},
  eprinttype  = {arXiv},
  url         = {https://arxiv.org/abs/1905.04899},
}

@Misc{Horn2018,
  author      = {Grant Van Horn and Oisin Mac Aodha and Yang Song and Yin Cui and Chen Sun and Alex Shepard and Hartwig Adam and Pietro Perona and Serge Belongie},
  date        = {2018},
  title       = {The iNaturalist Species Classification and Detection Dataset},
  eprint      = {1707.06642},
  eprintclass = {cs.CV},
  eprinttype  = {arXiv},
  url         = {https://arxiv.org/abs/1707.06642},
}

@Article{Buda2018,
  author       = {Buda, Mateusz and Maki, Atsuto and Mazurowski, Maciej A.},
  date         = {2018-10},
  journaltitle = {Neural Networks},
  title        = {A systematic study of the class imbalance problem in convolutional neural networks},
  doi          = {10.1016/j.neunet.2018.07.011},
  issn         = {0893-6080},
  pages        = {249–259},
  url          = {http://dx.doi.org/10.1016/j.neunet.2018.07.011},
  volume       = {106},
  publisher    = {Elsevier BV},
}

@Book{norman2013design,
  author    = {Norman, Donald A},
  date      = {2013},
  title     = {The design of everyday things: Revised and expanded edition},
  publisher = {Basic books},
}

@InProceedings{Deterding2011,
  author       = {Deterding, Sebastian and Dixon, Dan and Khaled, Rilla and Nacke, Lennart},
  date         = {2011-09},
  title        = {From Game Design Elements to Gamefulness: Defining Gamification},
  doi          = {10.1145/2181037.2181040},
  pages        = {9-15},
  volume       = {11},
  journaltitle = {Proceedings of the 15th International Academic MindTrek Conference: Envisioning Future Media Environments, MindTrek 2011},
}

@Book{Werbach2012,
  author = {Werbach, Kevin and Hunter, Dan},
  date   = {2012-01},
  title  = {For the Win: How Game Thinking can Revolutionize your Business},
}

	
@Book{Stallmann2015,
  author    = {Stallmann, F. and Wegner, U.},
  date      = {2015},
  title     = {Internationalisierung von E-Commerce-Geschäften},
  doi       = {10.1007/978-3-658-06782-3},
  publisher = {Springer Vieweg},
}

	
@Misc{vuei18nDocs2024,
  author  = {Kazupon},
  date    = {2024},
  title   = {Vue I18n Documentation},
  url     = {https://vue-i18n.intlify.dev/},
  urldate = {2025-04-14},
}

	
	
@Misc{Krukowski2024,
  author  = {Krukowski, I.},
  date    = {2024},
  title   = {Vue 3 i18n: Building a multi-language app with locale switcher},
  url     = {https://lokalise.com/blog/vue-i18n/},
  urldate = {2025-04-14},
}

@Book{Ammann2016,
  author    = {Ammann, Paul and Offutt, Jeff},
  date      = {2016},
  title     = {Introduction to Software Testing},
  edition   = {2},
  publisher = {Cambridge University Press},
  place     = {Cambridge},
}

@misc{python_flask_prototyping,
  author       = {Python Software Foundation},
  title        = {Flask Web Framework},
  year         = {2024},
  url          = {https://flask.palletsprojects.com},
  note         = {Zugriff: April 2025}
}

@misc{python_mqtt,
  author       = {Eclipse Foundation},
  title        = {paho-mqtt: Python MQTT Client Library},
  year         = {2024},
  url          = {https://www.eclipse.org/paho/index.php?page=clients/python/index.php},
  note         = {Zugriff: April 2025}
}

@article{rfc2104_hmac,
  author = {H. Krawczyk and M. Bellare and R. Canetti},
  title = {HMAC: Keyed-Hashing for Message Authentication},
  journal = {RFC 2104, IETF},
  year = {1997},
  url = {https://tools.ietf.org/html/rfc2104}
}

@misc{mqtt_overview,
  author    = {OASIS MQTT Standard},
  title     = {MQTT Version 3.1.1 Specification},
  year      = {2014},
  url       = {https://docs.oasis-open.org/mqtt/mqtt/v3.1.1/os/mqtt-v3.1.1-os.html},
  note      = {Zugriff: April 2025}
}

@misc{mqtt_vs_kafka,
  author       = {EMQ Technologies},
  title        = {MQTT vs. Kafka: Which is Better for IoT?},
  year         = {2023},
  url          = {https://www.emqx.com/en/blog/mqtt-vs-kafka-iot},
  note         = {Zugriff: April 2025}
}

@misc{solace_python_doc,
  author       = {Solace Corporation},
  title        = {Getting Started with Solace Messaging in Python},
  year         = {2023},
  url          = {https://docs.solace.com/Features/python-api.htm},
  note         = {Zugriff: April 2025}
}

@misc{solace_overview,
  author       = {Solace Corporation},
  title        = {Solace PubSub+ Overview: The Advanced Event Broker},
  year         = {2024},
  url          = {https://solace.com/products/event-broker/overview/},
  note         = {Zugriff: April 2025}
}

@misc{flasgger_docs,
  author       = {Flasgger Project},
  title        = {Flasgger: Swagger UI for Flask APIs},
  year         = {2023},
  url          = {https://github.com/flasgger/flasgger},
  note         = {Zugriff: April 2025}
}

@misc{smtp_tls,
  author       = {Mozilla Foundation},
  title        = {SMTP and Email Security Best Practices},
  year         = {2023},
  url          = {https://infosec.mozilla.org/guidelines/email/},
  note         = {Zugriff: April 2025}
}

@misc{json_best_practices,
  author       = {JSON.org},
  title        = {Introducing JSON: A Lightweight Data-Interchange Format},
  year         = {2022},
  url          = {https://www.json.org/json-en.html},
  note         = {Zugriff: April 2025}
}
@article{Eugster2003,
  author    = {Patrick Th. Eugster and Pascal A. Felber and Rachid Guerraoui and Anne-Marie Kermarrec},
  title     = {The Many Faces of Publish/Subscribe},
  journal   = {ACM Computing Surveys},
  volume    = {35},
  number    = {2},
  year      = {2003},
  pages     = {114--131},
  publisher = {ACM},
  doi       = {10.1145/857076.857078}
}

@misc{SolaceProtocols,
  title        = {Supported Open APIs and Protocols},
  author       = {Solace},
  year         = {2024},
  url          = {https://docs.solace.com/Open-APIs-Protocols/open-apis.htm},
  note         = {Zugriff am 13. April 2025}
}

@misc{SolaceDirectGuaranteed,
  title        = {Direct and Guaranteed Messaging Overview},
  author       = {Solace},
  year         = {2024},
  url          = {https://docs.solace.com/Messaging/Messaging-Concepts.htm},
  note         = {Zugriff am 13. April 2025}
}

@misc{SolaceTopicWildcard,
  title        = {Topic Subscription Syntax and Wildcards},
  author       = {Solace},
  year         = {2024},
  url          = {https://docs.solace.com/PubSub-Basics/Wildcard-Charaters-Topic-Subs.htm},
  note         = {Zugriff am 13. April 2025}
}

@misc{SolaceMQTT,
  title        = {Using MQTT with Solace PubSub+},
  author       = {Solace},
  year         = {2024},
  url          = {https://docs.solace.com/Features/Core-Features/MQTT.htm},
  note         = {Zugriff am 13. April 2025}
}

@misc{SolaceDaprMQTT,
  title        = {Solace Dapr MQTT Support},
  author       = {Solace},
  year         = {2024},
  url          = {https://docs.solace.com/Integrations/Dapr/Dapr-MQTT.htm},
  note         = {Zugriff am 13. April 2025}
}

@misc{SolaceACL,
  title        = {About Access Control Lists (ACLs)},
  author       = {Solace},
  year         = {2024},
  url          = {https://docs.solace.com/Configuring-and-Managing/Configuring-ACLs.htm},
  note         = {Zugriff am 13. April 2025}
}

@misc{SolaceSEMP,
  title        = {SEMP v2 Overview},
  author       = {Solace},
  year         = {2024},
  url          = {https://docs.solace.com/SEMP/Using-SEMP.htm},
  note         = {Zugriff am 13. April 2025}
}

@misc{AvnetPSK,
  title        = {Securing MQTT with TLS and PSK on IoT Devices},
  author       = {Avnet Silica},
  year         = {2022},
  url          = {https://www.avnet.com/wps/portal/silica/resources/whitepapers/securing-mqtt-psk},
  note         = {Zugriff am 13. April 2025}
}

@article{Kreps2011,
  author    = {Jay Kreps and Neha Narkhede and Jun Rao},
  title     = {Kafka: A Distributed Messaging System for Log Processing},
  journal   = {NetDB},
  year      = {2011},
  note      = {Verfügbar unter: \url{https://kafka.apache.org/08/documentation.html}}
}

@misc{RFC2104,
  author  = {H. Krawczyk and M. Bellare and R. Canetti},
  title   = {HMAC: Keyed-Hashing for Message Authentication},
  howpublished = {RFC 2104},
  year    = {1997},
  url     = {https://datatracker.ietf.org/doc/html/rfc2104}
}

@misc{FIPS198,
  title     = {The Keyed-Hash Message Authentication Code (HMAC)},
  author    = {National Institute of Standards and Technology (NIST)},
  year      = {2008},
  howpublished = {FIPS Publication 198-1},
  url       = {https://csrc.nist.gov/publications/detail/fips/198/1/final}
}

@misc{RFC4226,
  author  = {D. M’Raihi and S. Machani and M. Pei and J. Rydell},
  title   = {HOTP: An HMAC-Based One-Time Password Algorithm},
  howpublished = {RFC 4226},
  year    = {2005},
  url     = {https://datatracker.ietf.org/doc/html/rfc4226}
}

@article{Krawczyk1997,
  author  = {Hugo Krawczyk},
  title   = {The order of encryption and authentication for protecting communications (or: how secure is SSL?)},
  journal = {Advances in Cryptology — CRYPTO '01},
  year    = {2001},
  publisher = {Springer},
  doi     = {10.1007/3-540-44647-8_8}
}

@misc{cryptographyFernet,
  title     = {Fernet (symmetric encryption)},
  author    = {Cryptography.io},
  year      = {2024},
  url       = {https://cryptography.io/en/latest/fernet/},
  note      = {Zugriff am 13. April 2025}
}

@misc{FernetSpec,
  title     = {Fernet Token Format Specification},
  author    = {Fernet Authors},
  year      = {2014},
  url       = {https://github.com/fernet/spec/blob/master/Spec.md},
  note      = {Zugriff am 13. April 2025}
}

@misc{SolaceProtocols,
  title        = {Supported Open APIs and Protocols},
  author       = {Solace},
  year         = {2024},
  url          = {https://docs.solace.com/Open-APIs-Protocols/open-apis.htm},
  note         = {Zugriff am 13. April 2025}
}

@misc{SolaceDirectGuaranteed,
  title        = {Direct and Guaranteed Messaging Overview},
  author       = {Solace},
  year         = {2024},
  url          = {https://docs.solace.com/Messaging/Messaging-Concepts.htm},
  note         = {Zugriff am 13. April 2025}
}

@misc{SolaceTopicWildcard,
  title        = {Topic Subscription Syntax and Wildcards},
  author       = {Solace},
  year         = {2024},
  url          = {https://docs.solace.com/PubSub-Basics/Wildcard-Charaters-Topic-Subs.htm},
  note         = {Zugriff am 13. April 2025}
}

@misc{SolaceMQTT,
  title        = {Using MQTT with Solace PubSub+},
  author       = {Solace},
  year         = {2024},
  url          = {https://docs.solace.com/Features/Core-Features/MQTT.htm},
  note         = {Zugriff am 13. April 2025}
}

@misc{SolaceDaprMQTT,
  title        = {Solace Dapr MQTT Support},
  author       = {Solace},
  year         = {2024},
  url          = {https://docs.solace.com/Integrations/Dapr/Dapr-MQTT.htm},
  note         = {Zugriff am 13. April 2025}
}

@misc{SolaceACL,
  title        = {About Access Control Lists (ACLs)},
  author       = {Solace},
  year         = {2024},
  url          = {https://docs.solace.com/Configuring-and-Managing/Configuring-ACLs.htm},
  note         = {Zugriff am 13. April 2025}
}



@misc{AvnetPSK,
  title        = {Securing MQTT with TLS and PSK on IoT Devices},
  author       = {Avnet Silica},
  year         = {2022},
  url          = {https://www.avnet.com/wps/portal/silica/resources/whitepapers/securing-mqtt-psk},
  note         = {Zugriff am 13. April 2025}
}

@article{Kreps2011,
  author    = {Jay Kreps and Neha Narkhede and Jun Rao},
  title     = {Kafka: A Distributed Messaging System for Log Processing},
  journal   = {NetDB},
  year      = {2011},
  note      = {Verfügbar unter: \url{https://kafka.apache.org/08/documentation.html}}
}

@misc{RFC2104,
  author  = {H. Krawczyk and M. Bellare and R. Canetti},
  title   = {HMAC: Keyed-Hashing for Message Authentication},
  howpublished = {RFC 2104},
  year    = {1997},
  url     = {https://datatracker.ietf.org/doc/html/rfc2104}
}

@misc{FIPS198,
  title     = {The Keyed-Hash Message Authentication Code (HMAC)},
  author    = {National Institute of Standards and Technology (NIST)},
  year      = {2008},
  howpublished = {FIPS Publication 198-1},
  url       = {https://csrc.nist.gov/publications/detail/fips/198/1/final}
}

@misc{RFC4226,
  author  = {D. M’Raihi and S. Machani and M. Pei and J. Rydell},
  title   = {HOTP: An HMAC-Based One-Time Password Algorithm},
  howpublished = {RFC 4226},
  year    = {2005},
  url     = {https://datatracker.ietf.org/doc/html/rfc4226}
}

@article{Krawczyk1997,
  author  = {Hugo Krawczyk},
  title   = {The order of encryption and authentication for protecting communications (or: how secure is SSL?)},
  journal = {Advances in Cryptology — CRYPTO '01},
  year    = {2001},
  publisher = {Springer},
  doi     = {10.1007/3-540-44647-8_8}
}

@misc{cryptographyFernet,
  title     = {Fernet (symmetric encryption)},
  author    = {Cryptography.io},
  year      = {2024},
  url       = {https://cryptography.io/en/latest/fernet/},
  note      = {Zugriff am 13. April 2025}
}

@misc{FernetSpec,
  title     = {Fernet Token Format Specification},
  author    = {Fernet Authors},
  year      = {2014},
  url       = {https://github.com/fernet/spec/blob/master/Spec.md},
  note      = {Zugriff am 13. April 2025}
}
@misc{solaceSEMP,
  title = {Solace PubSub+ SEMP API v2 Documentation},
  author = {Solace Corporation},
  year = {2024},
  url = {https://docs.solace.com/API-Developer-Online-Ref-Documentation/swagger-ui/config/index.html},
  note = {Accessed April 14, 2025}
}

@misc{pythonSecrets,
  title = {secrets — Generate secure random numbers for managing secrets},
  author = {Python Software Foundation},
  year = {2024},
  url = {https://docs.python.org/3/library/secrets.html},
  note = {Accessed April 14, 2025}
}

@misc{fernetSpec,
  title = {Fernet (symmetric encryption) specification},
  author = {Python Cryptography Project},
  year = {2024},
  url = {https://cryptography.io/en/latest/fernet/},
  note = {Accessed April 14, 2025}
}

@misc{mqttSpec,
  title = {MQTT Version 3.1.1 Specification},
  author = {OASIS Standard},
  year = {2014},
  url = {https://docs.oasis-open.org/mqtt/mqtt/v3.1.1/os/mqtt-v3.1.1-os.html},
  note = {Accessed April 14, 2025}
}

@misc{fastAPI,
  title = {FastAPI - The modern Python web framework},
  author = {Sebastián Ramírez},
  year = {2024},
  url = {https://fastapi.tiangolo.com/},
  note = {Accessed April 14, 2025}
}

@misc{hmacRFC,
  title = {HMAC: Keyed-Hashing for Message Authentication (RFC 2104)},
  author = {M. Krawczyk and H. Krawczyk and H. Shacham},
  year = {1997},
  url = {https://www.rfc-editor.org/rfc/rfc2104},
  note = {Accessed April 14, 2025}
}

@misc{pskDesign,
  title = {Pre-Shared Key (PSK) Authentication in IoT Systems},
  author = {OWASP Foundation},
  year = {2023},
  url = {https://owasp.org/www-project-internet-of-things/},
  note = {Accessed April 14, 2025}
}

@Book{Powell1974,
  author    = {Powell, John},
  publisher = {RCL},
  title     = {The Secret of Staying in Love -},
  year      = {1974},
  isbn      = {978-0-883-47299-6},
}

@BOOK{Brin1998,
	AUTHOR = {Brin, David},
	YEAR = {1998},
	TITLE = {Postman - Roman},
	EDITION = {},
	ISBN = {978-3-453-13898-8},
	PUBLISHER = {Heyne},
	ADDRESS = {München},
}

@BOOK{Wolf2011,
	AUTHOR = {Wolf, Henning AND Bleek, Wolf-Gideon},
	YEAR = {2011},
	TITLE = {Agile Softwareentwicklung - Werte, Konzepte und Methoden},
	EDITION = {},
	ISBN = {978-3-864-91021-0},
	PUBLISHER = {dpunkt.verlag},
	ADDRESS = {Heidelberg},
}

@Online{Drumond,
  author       = {Claire Drumond},
  title        = {Das Agile Manifest},
  url          = {https://www.atlassian.com/de/agile/manifesto},
  urldate      = {2024-08-09},
  language     = {de},
  organization = {Atlassian},
}

@Online{Snowbird2001,
  author   = {Kent Beck, Mike Beedle, et al.},
  date     = {2001},
  title    = {Manifest für Agile Softwareentwicklung},
  url      = {https://agilemanifesto.org/iso/de/manifesto.html},
  urldate  = {2024-08-09},
  language = {de},
}

@BOOK{Kofler2024,
	AUTHOR = {Kofler, Michael},
	YEAR = {2024},
	TITLE = {Datenbanksysteme - das umfassende Lehrbuch},
	EDITION = {},
	ISBN = {978-3-367-10015-6},
	PUBLISHER = {Rheinwerk Verlag},
	ADDRESS = {Bonn},
}

@BOOK{Froehlich2022,
	AUTHOR = {Fröhlich, Lutz},
	YEAR = {2022},
	TITLE = {PostgreSQL - Praxisbuch für Administratoren und Entwickler},
	EDITION = {},
	ISBN = {978-3-446-47315-7},
	PUBLISHER = {Carl Hanser Verlag GmbH  Co KG},
	ADDRESS = {M},
}

@article{Chauhan2019,
  author    = {Anjali Chauhan},
  title     = {A Review on Various Aspects of MongoDb Databases},
  journal   = {International Journal of Engineering Research \& Technology (IJERT)},
  volume    = {08},
  number    = {05},
  year      = {2019},
  month     = {May},
  url       = {https://www.ijert.org/a-review-on-various-aspects-of-mongodb-databases},
  urldate   = {2024-08-13},
  issn      = {2278-0181},
}

@Online{IamXander2024,
  author   = {IamXander},
  date     = {2024-04-06},
  title    = {Storage Engine API},
  url      = {https://github.com/mongodb/mongo/blob/master/src/mongo/db/storage/README.md},
  urldate  = {2024-08-13},
  language = {en},
  version  = {35db3811d8f749edd5b79ba910adcbc1ceb54cc4},
}

@Online{themattman2024,
  author   = {themattman},
  date     = {2024-08-08},
  title    = {Execution Internals},
  url      = {https://github.com/mongodb/mongo/blob/master/src/mongo/db/catalog/README.md},
  urldate  = {2024-08-13},
  language = {en},
  version  = {17a11f90374c2f1f0a8f5d7844819c13721591b8},
}

@Online{Velikhov,
  author  = {Pavel Velikhov},
  title   = {BSON - Specification Version 1.1},
  url     = {https://bsonspec.org/spec.html},
  urldate = {2024-08-13},
}

@Online{JetBrains2023,
  author  = {JetBrains},
  date    = {2023},
  title   = {Developer Ecosystem - Go},
  url     = {https://www.jetbrains.com/lp/devecosystem-2023/go/},
  urldate = {2024-08-16},
}

@Online{Pike,
  author  = {Rob Pike},
  title   = {Go at Google: Language Design in the Service of Software Engineering},
  url     = {https://go.dev/talks/2012/splash.article},
  urldate = {2024-08-16},
}

@Online{Merrick2023,
  author  = {Alice Merrick},
  date    = {2023-05-11},
  title   = {Go Developer Survey 2023 Q1 Results},
  url     = {https://go.dev/blog/survey2023-q1-results},
  urldate = {2024-08-16},
}

@Book{Kuree,
  author    = {Kuree},
  publisher = {GitHub},
  title     = {The Go Programming Language Report},
  url       = {https://kuree.gitbooks.io/the-go-programming-language-report/content/index.html},
}

@Online{TutorialsFreak,
  author  = {TutorialsFreak},
  title   = {Kotlin History},
  url     = {https://www.tutorialsfreak.com/kotlin-tutorial/kotlin-history},
  urldate = {2024-08-16},
}

@Online{AndroidKnowlage2023,
  author  = {AndroidKnowlage},
  date    = {2023},
  title   = {Ultimate Battle: Why Kotlin Wins Over Java in Android Development in 2023},
  url     = {https://androidknowledge.com/why-kotlin-over-java-in-android-development/},
  urldate = {2024-08-16},
}

@BOOK{Sinsel2019,
	AUTHOR = {Sinsel, Alexander},
	YEAR = {2019},
	TITLE = {Das Internet der Dinge in der Produktion - Smart Manufacturing für Anwender und Lösungsanbieter},
	EDITION = {},
	ISBN = {978-3-662-59761-3},
	PUBLISHER = {Springer-Verlag},
	ADDRESS = {Berlin Heidelberg New York},
}

@BOOK{Masse2011,
	AUTHOR = {Masse, Mark},
	YEAR = {2011},
	TITLE = {REST API Design Rulebook - Designing Consistent RESTful Web Service Interfaces},
	EDITION = {},
	ISBN = {978-1-449-31990-8},
	PUBLISHER = {"O'Reilly Media, Inc."},
	ADDRESS = {Sebastopol},
}


@Online{Solace,
  author   = {Solace},
  title    = {Get Started with PubSub+},
  url      = {https://docs.solace.com/Get-Started/Solace-PubSub-Platform.htm},
  urldate  = {2024-08-19},
  language = {en},
}

@Online{JohnAuYeung2020,
  author  = {John Au-Yeung, Rayan Donovan},
  date    = {2020-03-02},
  title   = {Best practices for REST API design},
  url     = {https://stackoverflow.blog/2020/03/02/best-practices-for-rest-api-design/},
  urldate = {2024-08-19},
}

@Online {Prokopiou2021,
    author   = {Vagelis Prokopiou},
  title    = {Web api benchmarking: Go (Fiber) vs Rust (actix-web) },
  url      = {https://youtu.be/MY3Ou5ehwUQ},
  urldate  = {2025-04-13},
  date    = {2021-12-19},
  language = {en},
}
}

@Online {mark-i-m2025,
    author   = { mark-i-m, +407 weitere },
  title    = {Rust Compiler Development Guide},
  url      = {https://rustc-dev-guide.rust-lang.org/},
    version = {85c796488d2648a83a234ba821a44205c5e21093},
  urldate  = {2025-04-14},
  date    = {2025-04-14},
  language = {en},
}

@Online {Matsakis2022,
    author   = { Niko Matsakis},
  title    = {Non-lexical lifetimes (NLL) fully stable},
  url      = {https://blog.rust-lang.org/2022/08/05/nll-by-default.html},
  urldate  = {2025-04-14},
  date    = {2022-08-05},
  language = {en},
}

@Online {wiki2024rust,
    author   = {Wikipedia, Binbesser},
  title    = {Rust (Programmiersprache)},
  url      = {https://de.wikipedia.org/wiki/Rust_(Programmiersprache)},
  urldate  = {2025-04-14},
  date    = {2024-05-03},
  language = {de},
}

@Online {Bhavya2021,
    author   = {Bhavya},
  title    = {Clash of the compiled: Golang vs Rust},
  url      = {https://bhavya-saraf.medium.com/clash-of-the-compiled-golang-vs-rust-62595cb90377},
  urldate  = {2025-04-14},
  date    = {2021-11-30},
  language = {en},
}

@Online {puri2025,
    author   = {Devrata puri },
  title    = {Rust Ownership vs Garbage Collector: A Detailed Comparison with Code },
  url      = {https://dev.to/devratapuri/day-2-rust-ownership-vs-garbage-collector-a-detailed-comparison-with-code-52ad?utm_source=chatgpt.com},
  urldate  = {2025-04-14},
  date    = {2025-01-01},
  language = {en},
}

@Online {Proxify2021,
    author   = {Proxify Content Team},
  title    = {Rust and Go performance comparison: Which one is better for high-performance apps? },
  url      = {https://proxify.io/articles/rust-and-go-performance-comparison?utm_source=chatgpt.com},
  urldate  = {2025-04-14},
  date    = {2021-05-05},
  language = {en},
}

@Online {Abhinav2025,
    author   = {Abhinav},
  title    = {Golang vs. Rust: The Ultimate Showdown for Performance and Safety},
  url      = {https://medium.com/%40abhinavv.singh/golang-vs-rust-the-ultimate-showdown-for-performance-and-safety-aa8b1336f512},
  urldate  = {2025-04-14},
  date    = {2025-03-29},
  language = {en},
}

@Online {dami2024,
    author   = {dami},
  title    = {Rust vs Go? Which Should You Learn in 2025},
  url      = {https://dev.to/thatcoolguy/rust-vs-go-which-should-you-choose-in-2024-50k5?utm_source=chatgpt.com},
  urldate  = {2025-04-14},
  date    = {2024-08-27},
  language = {en},
}

@Online {Obregon2023,
    author   = {Alexander Obregon},
  title    = {Journey to Fearless Concurrency — Rust vs. Go},
  url      = {https://medium.com/%40AlexanderObregon/journey-to-fearless-concurrency-rust-vs-go-31d49255d6b6},
  urldate  = {2025-04-14},
  date    = {2023-08-06},
  language = {en},
}

@Book{SteveKlabnik2024,
  author    = {Steve Klabnik, Carol Nichols},
  publisher = {Herbert Reiter},
  title     = {Die Programmiersprache Rust},
  edition   = {2. Auflage},
  isbn      = {978-3-98871-003-1},
  date = {2024-03-16},
  url       = {https://rust-lang-de.github.io/rustbook-de/title-page.html},
}

@online{gabot_artikel,
  author    = {Andreas Löbke},
  title     = {Marktbericht: Pandemie treibt Nachfrage nach Grün},
  year      = {2022},
  url       = {https://www.gabot.de/ansicht/marktbericht-pandemie-treibt-nachfrage-nach-gruen-414635},
  urldate   = {2025-04-14},
  note      = {Abgerufen am 14. April 2025}
}

@ARTICLE{water_savings,
author = {Cardenas, Bernard and Dukes, Michael and Miller, Grady},
year = {2010},
month = {03},
pages = {},
title = {Sensor-Based Automation of Irrigation on Bermudagrass during Dry Weather Conditions},
volume = {136},
journal = {Journal of Irrigation and Drainage Engineering-asce - J IRRIG DRAIN ENG-ASCE},
doi = {10.1061/(ASCE)IR.1943-4774.0000153}
}

@ARTICLE{pflanzenbesitz_de,
  author    = {Mieterzeitung},
  title     = {Grünes Zuhause},
  year      = {2022},
  url       = {https://www.mieterzeitung.de/ausgabe-1-2022/statistiken.html},
  urldate   = {2025-04-14},
  note      = {Abgerufen am 14. April 2025}
}

@online{pflanzenpflege_fehler,
  author    = {feey AG},
  title     = {Pflanzenblog - Juni 2021},
  year      = {2023},
  url       = {https://www.statista.com/statistics/1300299/how-many-indoor-plants-us-gardeners-kill-annually/},
  urldate   = {2025-04-14},
  note      = {Abgerufen am 14. April 2025}
}

@online{pflanzensterben_statistik,
  author    = {Home Advisor},
  title     = {Gardening Expectations vs. Reality Survey},
  year      = {2021},
  url       = {https://www.homeadvisor.com/r/gardening-expectations-vs-reality-survey/},
  urldate   = {2025-04-14},
  note      = {Abgerufen am 14. April 2025}
}

@online{pflanzensterben_statistik_2,
  author    = {Statista},
  title     = {How many indoor plants non-expert gardeners in the United States kill in a year},
  year      = {2021},
  url       = {https://www.statista.com/statistics/1300299/how-many-indoor-plants-us-gardeners-kill-annually},
  urldate   = {2025-05-14},
  note      = {Abgerufen am 14. April 2025}
}

@online{pflanzensterben_statistik_3,
  author    = {Katie Mayers},
  title     = {Houseplant Statistics in 2024 (incl. Covid \& Millennials)},
  year      = {2022},
  url       = {https://gardenpals.com/houseplant-statistics/},
  urldate   = {2025-05-14},
  note      = {Abgerufen am 14. April 2025}
}

@online{smart_gardening,
  author    = {Eva Dorothee Schmid},
  title     = {Deutschland, deine Gärten: Spannende Zahlen und Fakten},
  year      = {2024},
  url       = {https://wohnglueck.de/artikel/gaerten-in-deutschland-zahlen-36505},
  urldate   = {2025-05-14},
  note      = {Abgerufen am 14. April 2025}
}

@online{urbanisierung_de,
  author    = {Statista},
  title     = {Germany: Urbanization from 2013 to 2023},
  year      = {2025},
  url       = {https://www.statista.com/statistics/455825/urbanization-in-germany},
  urldate   = {2025-04-14},
  note      = {Abgerufen am 14. April 2025}
}

@online{gardena,
  author    = {Gardena},
  title     = {GARDENA Studienpräsentation 2022: Nachhaltige Lösungen und technologischer Fortschritt im Garten helfen gegen den Klimawandel},
  year      = {2022},
  url       = {https://www.media-gardena.com/news-gardena-studienpraesentation-2022-nachhaltige-loesungen-und-technologischer-fortschritt-im-garten-helfen-gegen-den-klimawandel?id=150284},
  urldate   = {2025-04-14},
  note      = {Abgerufen am 14. April 2025}
}

@online{iot_trend,
  author    = {markemarketsandmarkets},
  title     = {European Smart Homes Market Size, Share \& Growth},
  year      = {2025},
  url       = {https://www.marketsandmarkets.com/Market-Reports/european-smart-homes-market-1290.html},
  urldate   = {2025-04-14},
  note      = {Abgerufen am 14. April 2025}
}

@online{Microcontroller_vs_Microprocessor,
  author    = {Totalphase},
  title     = {Microcontroller vs Microprocessor - What are the Differences?},
  year      = {2019},
  url       = {https://www.totalphase.com/blog/2019/12/microcontroller-vs-microprocessor-what-are-the-differences/},
  urldate   = {2025-04-14},
  note      = {Abgerufen am 14. April 2025}
}

@online{energiesparen,
  author    = {Curatepartners},
  title     = {Understanding Low Power Modes},
  year      = {2024},
  url       = {https://curatepartners.com/blogs/skills-tools-platforms/understanding-low-power-modes-enhancing-energy-efficiency-in-modern-electronics},
  urldate   = {2025-04-14},
  note      = {Abgerufen am 14. April 2025}
}

@online{echtzeit_grundlagen,
  author    = {Prof. Dr. Christian Siemers},
  title     = {Echtzeit: Grundlagen von Echtzeitsystemen},
  year      = {2017},
  url       = {https://www.embedded-software-engineering.de/echtzeit-grundlagen-von-echtzeitsystemen-a-5897f8abe8f52370ee04a724b23339f8/},
  urldate   = {2025-04-14},
  note      = {Abgerufen am 14. April 2025}
}

@online{echtzeit_grundlagen_2,
  author    = {Prof. Dr. Alois Knoll},
  title     = {Echtzeitsysteme},
  year      = {2012},
  url       = {https://archive.air.in.tum.de/pub/Main/TeachingWs2012Echtzeitsysteme/1_einfuehrung.pdf},
  urldate   = {2025-04-14},
  note      = {Abgerufen am 14. April 2025}
}

@book{SoC,
  title     = {System-on-a-Chip},
  author    = {Bashir M. Al-Hashimi},
  year      = {2006},
  publisher = {Institution of Engineering and Technology},
  ISBN       = {978-0-86341-552-4},
}

@online{IoT,
  author    = {IETF},
  title     = {The Internet of Things},
  year      = {},
  url       = {https://www.ietf.org/technologies/iot/},
  urldate   = {2025-04-14},
  note      = {Abgerufen am 14. April 2025}
}

@online{IoT_http,
  author    = {jawaharlal-nehru-technological-university-hyderabad},
  title     = {Internet of Things},
  year      = {},
  url       = {https://www.studocu.com/in/document/jawaharlal-nehru-technological-university-hyderabad/internet-of-things/iotcpa-question-bank/114791708},
  urldate   = {2025-04-14},
  note      = {Abgerufen am 14. April 2025}
}

@online{IoT_mqtt,
  author    = {Ian Craggs},
  title     = {MQTT Vs CoAP for IoT},
  year      = {2022},
  url       = {https://www.hivemq.com/blog/mqtt-vs-coap-for-iot/},
  urldate   = {2025-04-14},
  note      = {Abgerufen am 14. April 2025}
}

@ARTICLE{edge_fog_cloud,
  author    = {Fernando, Niroshinie and Samir Shrestha and Seng W. Loke and Kevin Lee},
  title     = {On Edge-Fog-Cloud Collaboration and Reaping Its Benefits: A Heterogeneous Multi-Tier Edge Computing Architecture},
  year      = {2025},
  journal   = {Future Internet},
  volume    = {17},
  number    = {1},
  pages     = {},
  doi       = {10.3390fi17010022}
}

@online{cloudflare,
  author    = {cloudflare},
  title     = {Was ist IoT-Sicherheit?},
  year      = {},
  url       = {https://www.cloudflare.com/de-de/learning/security/glossary/iot-security/},
  urldate   = {2025-04-14},
  note      = {Abgerufen am 14. April 2025}
}

@online{proofpoint,
  author    = {proofpoint},
  title     = {Was ist IoT-Security?},
  year      = {},
  url       = {https://www.proofpoint.com/de/threat-reference/iot-security},
  urldate   = {2025-04-14},
  note      = {Abgerufen am 14. April 2025}
}

@online{moocit,
  author    = {moocit},
  title     = {IoT Security: The Ultimate Guide},
  year      = {2024},
  url       = {https://moocit.de/index.php/Technik_-_Steuern_und_Regeln},
  urldate   = {2025-04-14},
  note      = {Abgerufen am 14. April 2025}
}

@online{haustechnik,
  author    = {haustechnik},
  title     = {Der Unterschied zwischen Steuerung und Regelung},
  year      = {2024},
  url       = {https://www.haustechnikverstehen.de/der-unterschied-zwischen-steuerung-und-regelung/},
  urldate   = {2025-04-14},
  note      = {Abgerufen am 14. April 2025}
}

@online{steuern_regeln,
  author    = {Wikipedia},
  title     = {Proportional integral derivative controller},
  year      = {2025},
  url       = {https://en.wikipedia.org/wiki/Proportional%E2%80%93integral%E2%80%93derivative_controller},
  urldate   = {2025-04-14},
  note      = {Abgerufen am 14. April 2025}
}

@online{steuern_regeln_2,
  author    = {Wikipedia},
  title     = {Regeler},
  year      = {2025},
  url       = {https://de.wikipedia.org/wiki/Regler},
  urldate   = {2025-04-14},
  note      = {Abgerufen am 14. April 2025}
}

@online{esp_datasheet,
  author    = {espressif},
  title     = {ESP32-WROOM-32D and ESP32-WROOM-32U Datasheet},
  year      = {2025},
  url       = {https://www.espressif.com/sites/default/files/documentation/esp32-wroom-32d_esp32-wroom-32u_datasheet_en.pdf},
  urldate   = {2025-04-15},
  note      = {Abgerufen am 15. April 2025}
}

@ARTICLE{esp32_comparison,
  author    = {Yash Goyal},
  title     = {Comparative Study of Microcontoller: ARDUINO UNO, RASPBERRY PI 4, ESP 32},
  year      = {2024},
  journal   = {International Journal for Research in Applied Science \& Engineering Technology},
  volume    = {12},
  number    = {7},
  pages     = {588-592},
  doi       = {10.22214/ijraset.2024.63598}
}

@online{esp_comparison_2,
  author    = {Open Lab},
  title     = {ESP32 vs. Arduino vs. Raspberry Pi Pico: Was ist besser?},
  year      = {2024},
  url       = {https://openelab.io/de/blogs/learn/esp32-vs-arduino-vs-raspberry-pi-pico-which-is-better?srsltid=AfmBOopiSmQCJDHVula3KxkMyYlBaO2SJEFFdnJZa3n7CBXCnnyUL6mN},
  urldate   = {2025-04-15},
  note      = {Abgerufen am 15. April 2025}

}

@online{atmega_datasheet,
  author    = {Microchip Technology Inc.},
  title     = { ATmega4808/4809 Data Sheet},
  year      = {2021},
  url       = {https://www.onlinecomponents.com/en/datasheet/atmega4809au-52119322/},
  urldate   = {2025-04-15},
  note      = {Abgerufen am 15. April 2025}

}

@InProceedings{greenhous_comparison,
author="Didi, Zaidan
and El Azami, Ikram",
editor="Motahhir, Saad
and Bossoufi, Badre",
title="IoT, Comparative Study Between the Use of Arduino Uno, Esp32, and Raspberry pi in Greenhouses",
booktitle="Digital Technologies and Applications",
year="2022",
publisher="Springer International Publishing",
address="Cham",
pages="718--726",
isbn="978-3-031-02447-4"
}

@online{raspberry_pi_datasheet,
  author    = {Raspberry Pi (Trading) Ltd},
  title     = {Raspberry Pi 4 Model B Datasheet},
  year      = {2024},
  url       = {https://datasheets.raspberrypi.com/rpi4/raspberry-pi-4-datasheet.pdf},
  urldate   = {2025-04-15},
  note      = {Abgerufen am 15. April 2025}
}

@online{esp_nvs,
  author    = {Industrial Shields},
  title     = {How to use ESP32 NVS memory to store data permanently},
  year      = {2023},
  url       = {https://www.industrialshields.com/blog/arduino-industrial-1/how-to-use-esp32-nvs-memory-to-store-data-permanently-550},
  urldate   = {2025-04-15},
  note      = {Abgerufen am 15. April 2025}
}

@online{esp32_sleep,
  author    = {Programming Electronics Academy},
  title     = {A Practical Guide to ESP32 Deep Sleep Modes},
  year      = {},
  url       = {https://www.programmingelectronics.com/esp32-deep-sleep-mode},
  urldate   = {2025-04-15},
  note      = {Abgerufen am 15. April 2025}
}

@online{raspberry_pi_w_datasheet,
  author    = {Raspberry Pi (Trading) Ltd},
  title     = {Raspberry Pi Pico W Datasheet},
  year      = {2024},
  url       = {https://datasheets.raspberrypi.com/picow/pico-w-datasheet.pdf},
  urldate   = {2025-04-15},
  note      = {Abgerufen am 15. April 2025}
}

@online{esp_price,
  author    = {DigiKey},
  title     = {ESP32-WROOM-32-N4},
  year      = {2025},
  url       = {https://www.digikey.de/en/products/detail/espressif-systems/ESP32-WROOM-32-N4/8544298?srsltid=AfmBOopq_74Fcvap64CDj91WpsWYXsbfWneae9bHzyxsZiKKPapjkgz_},
  urldate   = {2025-04-15},
  note      = {Abgerufen am 15. April 2025}
}

@online{arduino_price,
  author    = {Arduino Store},
  title     = {Arduino Nano Every},
  year      = {2025},
  url       = {https://store.arduino.cc/en-de/products/arduino-nano-every?srsltid=AfmBOoo3nqOp1Nq7lZ4c09na8fh1I-NlE829_YLhGob5q99nfr8bXcif},
  urldate   = {2025-04-15},
  note      = {Abgerufen am 15. April 2025}
}

@online{raspberry_pi_price,
  author    = {Wetterott},
  title     = {Raspberry Pi 4 Modell B 4Gb RAM- 64Bit 1.5GHz Quad-Core ARM-Cortex-A72},
  year      = {2025},
  url       = {https://shop.watterott.com/Raspberry-Pi-4-Modell-B-4Gb-RAM-64Bit-15GHz-Quad-Core-ARM-Cortex-A72_1},
  urldate   = {2025-04-15},
  note      = {Abgerufen am 15. April 2025}
}

@online{raspberry_pi_availability,
  author    = {ars Technica},
  title     = {Raspberry Pi availability is visibly improving after years of shortages},
  year      = {2025},
  url       = {https://arstechnica.com/gadgets/2023/08/some-shops-will-let-you-buy-more-than-one-raspberry-pi-at-a-time-again/},
  urldate   = {2025-04-15},
  note      = {Abgerufen am 15. April 2025}
}

@online{raspberry_pi_w_price,
  author    = {Rusell Barnes},
  title     = {Introducing Raspberry Pi Zero W},
  year      = {2017},
  url       = {https://magazine.raspberrypi.com/articles/pi-zero-w},
  urldate   = {2025-04-15},
  note      = {Abgerufen am 15. April 2025}
}

@manual{espressif_idf,
  title        = {ESP-IDF Programming Guide},
  author       = {Espressif Systems},
  organization = {Espressif Systems},
  year         = {2024},
  url          = {https://docs.espressif.com/projects/esp-idf},
  note         = {Zugriff am 15.04.2025}
}

@manual{freertos_doc,
  title        = {FreeRTOS Kernel Documentation},
  author       = {Real Time Engineers Ltd.},
  year         = {2024},
  url          = {https://www.freertos.org/Documentation/RTOS_book.html},
  note         = {Zugriff am 15.04.2025}
}

@misc{arduino_esp32,
	author       = {Arduino and Espressif},
	title        = {ESP32 Arduino Core GitHub Repository},
	year         = {2024},
	url          = {https://github.com/espressif/arduino-esp32},
	note         = {Zugriff am 15.04.2025}
}

@misc{platformio,
	author       = {PlatformIO Labs},
	title        = {PlatformIO Core Documentation},
	year         = {2024},
	url          = {https://docs.platformio.org},
	note         = {Zugriff am 15.04.2025}
}

@misc{micropython_docs,
	author       = {MicroPython Community},
	title        = {MicroPython für ESP32 – Dokumentation},
	year         = {2024},
	url          = {https://docs.micropython.org/en/latest/esp32/quickref.html},
	note         = {Zugriff am 15.04.2025}
}

@manual{espressif_trm,
	title        = {ESP32 Technical Reference Manual},
	author       = {Espressif Systems},
	year         = {2024},
	url = {https://www.espressif.com/sites/default/files/documentation/esp32_technical_reference_manual_en.pdf},
	note         = {Zugriff am 15.04.2025}
}

@misc{adafruit_dht,
	author       = {{Adafruit Industries}},
	title        = {{DHT11 Temperature and Humidity Sensor Guide}},
	year         = {2023},
	url          = {https://learn.adafruit.com/dht},
	note         = {Zugriff am 15.04.2025}
}

@manual{DFR0067_DHT11_Datasheet,
	title        = {DHT11 Temperature and Humidity Sensor - Datasheet (DFR0067)},
	author       = {{Aosong Electronics Co., Ltd.}},
	year         = {2023},
	url          = {https://www.aosong.com},
	note         = {Zugriff am 15.04.2025}
}

@manual{bosch_bme280,
	author       = {{Bosch Sensortec}},
	title        = {{BME280 Combined Humidity and Pressure Sensor - Datasheet}},
	year         = {2023},
	url          = {https://www.bosch-sensortec.com/media/boschsensortec/downloads/datasheets/bst-bme280-ds002.pdf},
	note         = {Zugriff am 15.04.2025}
}

@manual{bh1750_handsontec,
	author       = {{Handson Technology}},
	title        = {{BH1750 Light Sensor Module – Datasheet}},
	year         = {2021},
	url          = {https://www.handsontec.com/dataspecs/sensor/BH1750%20Light%20Sensor.pdf},
	note         = {Zugriff am 15.04.2025}
}

@misc{components101_soilmoisture,
	author       = {{Components101}},
	title        = {{Soil Moisture Sensor Module – Pinout, Features and Specifications}},
	year         = {2020},
	url          = {https://components101.com/modules/soil-moisture-sensor-module},
	note         = {Zugriff am 15.04.2025}
}

@online{espboards_idf_arduino,
	author    = {{ESPBoards.dev}},
	title     = {ESP-IDF vs Arduino Core in 2023},
	year      = {2023},
	url       = {https://www.espboards.dev/blog/esp-idf-vs-arduino-core/},
	note         = {Zugriff am 15.04.2025}
}

@manual{lm393,
	title        = {LM393, LM293, LM2903 – Dual Comparators – Technical Datasheet},
	author       = {{Texas Instruments}},
	year         = {2025},
	url          = {https://www.ti.com/product/LM393},
	note         = {Zugriff am 15.04.2025}
}

@manual{SRD05_datasheet,
	title        = {SRD-05VDC-SL-C – Relay Module Datasheet},
	author       = {{Songle Relay}},
	year         = {2015},
	url          = {https://www.circuitbasics.com/wp-content/uploads/2015/11/SRD-05VDC-SL-C-Datasheet.pdf},
	note         = {Zugriff am 15.04.2025}
}

@manual{opto22_ssr,
	title        = {Solid-State Relays (SSRs) Data Sheet – Z Series},
	author       = {{Opto 22}},
	year         = {2024},
	url          = {https://documents.opto22.com/0859_Solid_State_Relays_data_sheet.pdf},
	note         = {Zugriff am 15.04.2025}
}

@online{wolles_mosfet,
	author       = {Wolle},
	title        = {Der MOSFET als Schalter},
	year         = {2022},
	url          = {https://wolles-elektronikkiste.de/der-mosfet-als-schalter},
	note         = {Zugriff am 15.04.2025}
}